@article{a2,
 Author ="T. Ege and K. Yanai",
 Journal ="ACM",
 Month ="July",
 Number ="4",
 Pages ="363–368",
 Title ="Image-based food calorie estimation using knowledge on food categories, ingredients and cooking directions",
 Volume ="19",
 Year =2017,
}

@article{a3,
 Author ="P. Pouladzadeh, S. Shirmohammadi, and R. Al-Maghrabi",
 Journal ="IEEE Trans",
 Month ="Aug",
 Number ="8",
 Pages ="1947–1956",
 Title ="Measuring calorie and nutrition from food image",
 Volume ="62",
 Year =2015,
}